@inproceedings{macqueen1967methods,
  author = {MacQueen, J.},
  title = {Some Methods for Classification and Analysis of Multivariate Observations},
  booktitle = {Proceedings of the Fifth Berkeley Symposium on Mathematical Statistics and Probability},
  volume = {1},
  number = {14},
  pages = {281--297},
  year = {1967},
  publisher = {University of California Press}
}

@book{hastie2009elements,
  title={The Elements of Statistical Learning: Data Mining, Inference, and Prediction},
  author={Hastie, Trevor and Tibshirani, Robert and Friedman, Jerome},
  edition={2},
  year={2009},
  publisher={Springer}
}


@article{aurenhammer1991voronoi,
  author = {Aurenhammer, F.},
  title = {Voronoi Diagrams -- A Survey of a Fundamental Geometric Data Structure},
  journal = {ACM Computing Surveys (CSUR)},
  volume = {23},
  number = {3},
  pages = {345--405},
  year = {1991},
  doi = {10.1145/116873.116880}
}

@article{lloyd1982leastsquares,
  author = {Lloyd, S. P.},
  title = {Least Squares Quantization in PCM},
  journal = {IEEE Transactions on Information Theory},
  volume = {28},
  number = {2},
  pages = {129--137},
  year = {1982},
  doi = {10.1109/TIT.1982.1056489}
}

@book{bishop2006pattern,
  title={Pattern Recognition and Machine Learning},
  author={Bishop, Christopher M.},
  year={2006},
  publisher={Springer}
}

@book{mclachlan2000finitemixture,
  author = {McLachlan, G. and Peel, D.},
  title = {Finite Mixture Models},
  year = {2000},
  publisher = {John Wiley \& Sons},
  address = {New York, NY, USA}
}

@article{mahalanobis1936generalized,
  title={On the generalized distance in statistics},
  author={Mahalanobis, Prasanta Chandra},
  journal={Proceedings of the National Institute of Sciences of India},
  volume={2},
  number={1},
  pages={49--55},
  year={1936}
}


@article{demaesschalck2000mahalanobis,
  author = {De Maesschalck, R. and Jouan-Rimbaud, D. and Massart, D. L.},
  title = {The Mahalanobis Distance},
  journal = {Chemometrics and Intelligent Laboratory Systems},
  volume = {50},
  number = {1},
  pages = {1--18},
  year = {2000},
  doi = {10.1016/S0169-7439(99)00047-7}
}

@book{jolliffe2002principal,
  title={Principal Component Analysis},
  author={Jolliffe, Ian T.},
  edition={2},
  year={2002},
  publisher={Springer}
}

@book{goodfellow2016deep,
  title={Deep Learning},
  author={Goodfellow, Ian and Bengio, Yoshua and Courville, Aaron},
  year={2016},
  publisher={MIT Press}
}

@article{bourlard1988auto,
  title={Auto-association by multilayer perceptrons and singular value decomposition},
  author={Bourlard, Herv{\'e} and Kamp, Yves},
  journal={Biological Cybernetics},
  volume={59},
  number={4},
  pages={291--294},
  year={1988},
  publisher={Springer}
}

@incollection{lecun2012efficient,
  title={Efficient BackProp},
  author={LeCun, Yann and Bottou, L{\'e}on and Orr, Genevieve B. and M{\"u}ller, Klaus-Robert},
  booktitle={Neural Networks: Tricks of the Trade},
  pages={9--48},
  year={2012},
  publisher={Springer}
}

@inproceedings{glorot2010understanding,
  title={Understanding the difficulty of training deep feedforward neural networks},
  author={Glorot, Xavier and Bengio, Yoshua},
  booktitle={Proceedings of the 13th International Conference on Artificial Intelligence and Statistics (AISTATS)},
  pages={249--256},
  year={2010}
}

@inproceedings{nair2010rectified,
  title={Rectified Linear Units Improve Restricted Boltzmann Machines},
  author={Nair, Vinod and Hinton, Geoffrey E.},
  booktitle={Proceedings of the 27th International Conference on Machine Learning (ICML)},
  pages={807--814},
  year={2010}
}

@article{koch2015siamese,
  title={Siamese Neural Networks for One-shot Image Recognition},
  author={Koch, Gregory and Zemel, Richard and Salakhutdinov, Ruslan},
  journal={Proceedings of the 32nd International Conference on Machine Learning (ICML) Deep Learning Workshop},
  year={2015}
}

@inproceedings{hinton1994autoencoders,
  title={Autoencoders, Minimum Description Length and Helmholtz Free Energy},
  author={Hinton, Geoffrey E. and Zemel, Richard S.},
  booktitle={Advances in Neural Information Processing Systems},
  volume={6},
  pages={3--10},
  year={1994}
}

@article{tipping1999probabilistic,
  title={Probabilistic Principal Component Analysis},
  author={Tipping, Michael E. and Bishop, Christopher M.},
  journal={Journal of the Royal Statistical Society: Series B (Statistical Methodology)},
  volume={61},
  number={3},
  pages={611--622},
  year={1999}
}

@inproceedings{zeiler2014visualizing,
  title={Visualizing and Understanding Convolutional Networks},
  author={Zeiler, Matthew D. and Fergus, Rob},
  booktitle={European Conference on Computer Vision (ECCV)},
  pages={818--833},
  year={2014},
  publisher={Springer}
}

@incollection{dietterich2000ensemble,
  title={Ensemble methods in machine learning},
  author={Dietterich, Thomas G.},
  booktitle={Multiple Classifier Systems},
  editor={Ho, Tin Kam},
  pages={1--15},
  year={2000},
  publisher={Springer},
  address={Berlin, Heidelberg}
}